@article{alpern1995rendezvous,
  title={The rendezvous search problem},
  author={Alpern, Steve},
  journal={SIAM Journal on Control and Optimization},
  volume={33},
  number={3},
  pages={673--683},
  year={1995},
  publisher={SIAM}
}
@article{xie2014adaptive,
  title={Adaptive Traffic-Aware PSM Mechanism for IEEE 802.11 WLANs},
  author={Xie, Yi and Sun, Xilong and Yuan, Pengfei and Chen, Xijian},
  journal={Journal of Intelligent Systems},
  volume={23},
  number={4},
  pages={437--450},
  year={2014}
}
